<?xml version="1.0" encoding="UTF-8"?><record xmlns="http://www.loc.gov/MARC21/slim" xmlns:cinclude="http://apache.org/cocoon/include/1.0" xmlns:zs="http://www.loc.gov/zing/srw/">
  <leader>01026nz  a2200205n  4500</leader>
  <controlfield tag="001">n 2014014844</controlfield>
  <controlfield tag="003">DLC</controlfield>
  <controlfield tag="005">20140321104525.0</controlfield>
  <controlfield tag="008">140321n| azannaabn          |b aaa      </controlfield>
  <datafield tag="010" ind1=" " ind2=" ">
    <subfield code="a">n 2014014844</subfield>
  </datafield>
  <datafield tag="040" ind1=" " ind2=" ">
    <subfield code="a">DLC</subfield>
    <subfield code="b">eng</subfield>
    <subfield code="c">DLC</subfield>
    <subfield code="e">rda</subfield>
  </datafield>
  <datafield tag="100" ind1="1" ind2=" ">
    <subfield code="a">Reshni︠a︡k, M. G.</subfield>
    <subfield code="q">(Marii︠a︡ Genrikhovna)</subfield>
  </datafield>
  <datafield tag="374" ind1=" " ind2=" ">
    <subfield code="a">Law teachers</subfield>
    <subfield code="2">lcsh</subfield>
  </datafield>
  <datafield tag="375" ind1=" " ind2=" ">
    <subfield code="a">female</subfield>
  </datafield>
  <datafield tag="377" ind1=" " ind2=" ">
    <subfield code="a">rus</subfield>
  </datafield>
  <datafield tag="400" ind1="1" ind2=" ">
    <subfield code="a">Reshni︠a︡k, Marii︠a︡ Genrikhovna</subfield>
  </datafield>
  <datafield tag="400" ind1="1" ind2=" ">
    <subfield code="a">Решняк, М. Г.</subfield>
    <subfield code="q">(Мария Генриховна)</subfield>
  </datafield>
  <datafield tag="400" ind1="1" ind2=" ">
    <subfield code="a">Решняк, Мария Генриховна</subfield>
  </datafield>
  <datafield tag="667" ind1=" " ind2=" ">
    <subfield code="a">Non-Latin script reference not evaluated</subfield>
  </datafield>
  <datafield tag="670" ind1=" " ind2=" ">
    <subfield code="a">Sovremennye problemy deĭstvii︠a︡ ugolovnogo zakona v prostranstve, 2013:</subfield>
    <subfield code="b">t.p. (М.Г. Решняк =  M.G. Reshni︠a︡k) colophon (Решняк Мария Генриховна = Reshni︠a︡k Marii︠a︡ Genrikhovna) t.p. verso (kandidat i︠u︡ridicheskikh nauk, dot︠s︡ent, professor kafedry ugolovno-pravovykh dist︠s︡iplin NOU VPO "Mezhdunarodnyĭ i︠u︡ridicheskiĭ institut")</subfield>
  </datafield>
</record>